% this is the bibliography file


@Misc{iso-odf,
  author = 	 {International Organization for Standardization},
  title = 	 {ISO/IEC 26300:2006 Open Document Format},
  howpublished = {\url{http://std.dkuug.dk/keld/iso26300-odf/is26300/iso_iec_26300:2006_e.pdf}},
  month = 	 {December},
  year = 	 {2006},
  annote = 	 {\url{http://www.iso.org/iso/iso_catalogue/catalogue_tc/catalogue_detail.htm?csnumber=43485}}
}


@Misc{grishman1996,
  author = 	 {R. Grishman, B. Sundheim},
  title = 	 {Message Understanding Conference - 6: A Brief History },
  year = 	 {1996}
  
}


@Misc{rau1991,
author = {Rau, Lisa F.},
title = {Extracting Company Names from Text},
howpublished = {In Proc. Conference on Artificial Intelligence Applications of IEEE},
year = {1991}
}


@Misc{rcv1,
  title = 	 {Reuters Corpora Version 1 (RCV1, RCV2, TRC2)},
  howpublished = {\url{http://trec.nist.gov/data/reuters/reuters.html}},
  year = 	 {2000}  
}

@Misc{conll2003,
  title = 	 {Language-Independent Named Entity Recognition (II)},
  howpublished = {\url{http://www.cnts.ua.ac.be/conll2003/ner/}},
  year = 	 {2003}  
}

